@misc{deadline_kernel,
	title="Deadline Task Scheduling [Электронный ресурс].",
	howpublished="--- Режим доступа: \url{https://www.kernel.org/doc/html/latest/scheduler/sched-deadline.html} (дата обращения: 05.02.2025)."
}

@misc{cfs_kernel,
	title="CFS Scheduler [Электронный ресурс].",
	howpublished="--- Режим доступа: \url{https://www.kernel.org/doc/html/latest/scheduler/sched-design-CFS.html} (дата обращения: 05.02.2025)."
}

@misc{linux_scheduler,
	title="Linux Process Scheduler - Basic [Электронный ресурс].",
	howpublished="--- Режим доступа: \url{https://programming.vip/docs/original-linux-process-scheduler-basic.html} (дата обращения: 08.02.2025)."
}

@misc{scheduler,
	title="Linux kernel scheduler [Электронный ресурс].",
	howpublished="--- Режим доступа: \url{https://helix979.github.io/jkoo/post/os-scheduler/} (дата обращения: 04.02.2025)."
}

@misc{habr_hook,
	title="Перехват функций в ядре Linux с помощью ftrace [Электронный ресурс].",
	howpublished="--- Режим доступа: \url{https://habr.com/ru/articles/413241/} (дата обращения: 02.02.2025)."
}

@misc{kprobes,
	title="Kernel Probes (Kprobes) [Электронный ресурс].",
	howpublished="--- Режим доступа: \url{https://www.kernel.org/doc/html/v6.6/trace/kprobes.html} (дата обращения: 02.02.2025)."
}

@misc{c99,
	title="Стандарт C99 [Электронный ресурс].",
	howpublished="--- Режим доступа: \url{https://en.cppreference.com/w/c/99} (дата обращения: 04.02.2025)."
}

@misc{vscode,
	title="Visual Studio Code [Электронный ресурс].",
	howpublished="--- Режим доступа: \url{https://code.visualstudio.com/} (дата обращения: 04.02.2025)."
}


@inbook{scheduler_book,
	author={Robert Love},
	title="Linux Kernel Development Second Edition.",
	publisher="--- Sams Publishing",
	language="english",
	year=2005,
	chapter=4,
	pages="432"
}

@inbook{kfu,
	author="Галиуллин, Л.~А.",
	title="Протокол HTTP и интерфейс CGI: учебно-методическое пособие по дисциплине <<Веб-программирование>>.",
	publisher="--- Казанский Федеральный университет, Электронный архив.",
	language="russian",
	year=2018,
	pages="14"
}

@inbook{kulakov,
	author="Кулаков, К.~А. and Димитров, В.~М.",
	title="Архитектура и фреймворки веб-приложений : учебное электронное
	пособие.",
	publisher="--- Петрозаводск: Издательство ПетрГУ.",
	language="russian",
	year=2020,
	pages="61"
}

@misc{html1,
	title=" Hypertext Transfer Protocol– HTTP/1.0. -- RFC1945 [Электронный ресурс].",
	howpublished="--- Режим доступа: \url{https://datatracker.ietf.org/doc/html/rfc1945/} (дата обращения: 25.12.2024)."
}

@misc{pselect,
	title="Документация pselect [Электронный ресурс].",
	howpublished="--- Режим доступа: \url{https://www.opennet.ru/man.shtml?topic=pselect&category=2&russian=0} (дата обращения: 20.12.2024)."
}

@misc{cpp-lang,
	title="Документация по C++ [Электронный ресурс].",
	howpublished="--- Режим доступа: \url{https://learn.microsoft.com/ru-ru/cpp/?view=msvc-170&viewFallbackFrom=vs-2017} (дата обращения: 25.12.2024)."
}

@misc{k6,
	title="Документация k6 [Электронный ресурс].",
	howpublished="--- Режим доступа: \url{https://k6.io/} (дата обращения: 26.12.2024)."
}

@misc{nginx,
	title="Документация nginx [Электронный ресурс].",
	howpublished="--- Режим доступа: \url{https://nginx.org/ru/} (дата обращения: 26.12.2024)."
}

@inbook{aaymodelmethod,
	author="А.Ю. Аксенов",
	title="Модели и методы обработки и представления
	сложных пространственных объектов.",
	publisher="--- СПИИРАН",
	language="russian",
	year=2015,
	pages="110"
}

@inbook{kudrina,
	author="Кудрина М.А, Климентьев К.Е.",
	title="Компьютерная графика",
	publisher="--- Самара: Изд-во Самар. гос. аэрокосм. ун-та",
	language="russian",
	year=2013,
	pages="138"
}

@inbook{porev,
	author="В.Н. Порев",
	title="Компьютерная графика",
	publisher="--- СПб: БХВ-Петербург",
	language="russian",
	year=2002,
	pages="432"
}

@inbook{hill,
	author="Хилл Ф.",
	title="OpenGL. Программирование компьютерной графики",
	publisher="--- СПб: Питер",
	language="russian",
	year=2002,
	pages="1088"
}

@inbook{termin-cg,
	author="Перемитина Т.О.",
	title="Компьютерная графика : учебное пособие.",
	publisher="--- Томск: Эль Контент",
	language="russian",
	year=2012,
	pages="114"
}

@inbook{applicationcg,
	author="Горюнова А.М., Омельченко Т.В.,Омельченко  П.Н., Муслимов  Д.А.",
	title="Применение компьютерной графики для решения экономических и инженерных задач : учебное пособие.",
	publisher="--- Оренбург:  ОГУ",
	language="russian",
	year=2018,
	pages="153"
}

@inbook{roders,
	author="Д. Роджерс",
	title="Алгоритмические основы машинной графики: Пер. с англ.",
	publisher="--- СПб: БХВ-Петербург",
	language="russian",
	year=1989,
	pages="512"
}

@inbook{karpova,
	author="И.~П. Карпова",
	title="Базы данных. Курс лекций и материалы для практических занятий. --- Учебное пособие.",
	publisher="--- М.: Питер",
	language="russian",
	year=2013,
	pages="7~---~30"
}

@inbook{volk,
	author="В.~К. Волк",
	title="Базы данных. Проектирование, программирование, управление и администрирование: учебник / В.~К. Волк.",
	publisher="--- Санкт-Петербург: Лань",
	language="russian",
	year=2020,
	pages="14~---~33"
}

@misc{russian-fencing,
	title="Федерация фехтования России [Электронный ресурс].",
	howpublished="--- Режим доступа: \url{https://www.rusfencing.ru/} (дата обращения: 01.03.2024)."
}

@misc{HMB,
	title="Федерация ИСБ России [Электронный ресурс].",
	howpublished="--- Режим доступа: \url{https://hmbrussia.ru/} (дата обращения: 01.03.2024)."
}

@misc{hemagon,
	title="Hemagon [Электронный ресурс].",
	howpublished="--- Режим доступа: \url{https://hemagon.com/} (дата обращения: 01.03.2024)."
}

@misc{typescript,
	title="Документация языка Typescript [Электронный ресурс].",
	howpublished="--- Режим доступа: \url{https://www.typescriptlang.org/docs/} (дата обращения: 06.04.2024)."
}

@misc{express,
	title="Документация фреймворка Express [Электронный ресурс].",
	howpublished="--- Режим доступа: \url{https://expressjs.com/} (дата обращения: 06.04.2024)."
}

@misc{sequelize,
	title="Документация по Sequelize [Электронный ресурс].",
	howpublished="--- Режим доступа: \url{https://sequelize.org/} (дата обращения: 06.04.2024)."
}

@misc{angular,
	title="Документация фреймворка Angular [Электронный ресурс].",
	howpublished="--- Режим доступа: \url{https://angular.io/docs} (дата обращения: 10.05.2024)."
}

@misc{camera-space,
	title="Camera: View space [Электронный ресурс].",
	howpublished="--- Режим доступа: \url{https://learnopengl.com/Getting-started/Camera} (дата обращения: 17.11.2023)."
}

@misc{ray_sphere_intersection,
	title="A Minimal Ray-Tracer: Rendering Simple Shapes (Sphere, Cube, Disk, Plane, etc.) [Электронный ресурс].",
	howpublished="--- Режим доступа: \url{https://www.scratchapixel.com/lessons/3d-basic-rendering/minimal-ray-tracer-rendering-simple-shapes/ray-sphere-intersection.html} (дата обращения: 18.11.2023)."
}

@misc{python,
	title="Документация языка Python [Электронный ресурс].",
	howpublished="--- Режим доступа: \url{https://www.python.org/doc/} (дата обращения: 01.12.2023)."
}

@misc{pyglm,
	title="Документация библиотеки PyGLM [Электронный ресурс].",
	howpublished="--- Режим доступа: \url{https://pypi.org/project/PyGLM/} (дата обращения: 01.12.2023)."
}

@misc{glm,
	title="Документация библиотеки GLM [Электронный ресурс].",
	howpublished="--- Режим доступа: \url{https://www.opengl.org/sdk/libs/GLM/} (дата обращения: 01.12.2023)."
}

@misc{numpy,
	title="Документация библиотеки NumPy [Электронный ресурс].",
	howpublished="--- Режим доступа: \url{https://numpy.org/doc/stable/} (дата обращения: 05.12.2023)."
}

@misc{pyqt,
	title="Документация библиотеки PyQt [Электронный ресурс].",
	howpublished="--- Режим доступа: \url{https://doc.qt.io/qtforpython-6/} (дата обращения: 01.12.2023)."
}

@misc{qt,
	title="Документация фреймворка Qt [Электронный ресурс].",
	howpublished="--- Режим доступа: \url{https://doc.qt.io/} (дата обращения: 01.12.2023)."
}

@misc{time,
	title="Документация библиотеки time [Электронный ресурс].",
	howpublished="--- Режим доступа: \url{https://docs.python.org/3/library/time.html} (дата обращения: 15.12.2023)."
}

@misc{model-light,
	title="Простые модели освещения [Электронный ресурс].",
	howpublished="--- Режим доступа: \url{http://grafika.me/node/344} (дата обращения: 14.09.2022)."
}

@misc{qt-creator,
	title="Qt Creator Manual [Электронный ресурс].",
	howpublished="--- Режим доступа: \url{https://doc.qt.io/qtcreator} (дата обращения: 30.10.2022)"
}

@misc{qt-framefork,
	title="All Qt Documentation [Электронный ресурс].",
	howpublished="--- Режим доступа: \url{https://doc.qt.io/all-topics.html} (дата обращения: 30.10.2022)"
}

@misc{qmake,
	title="qmake Manual [Электронный ресурс].",
	howpublished="--- Режим доступа: \url{https://doc.qt.io/qt-6/qmake-manual.html} (дата обращения: 30.10.2022)"
}

@misc{cpp-lang,
	title="Документация по языку C++ [Электронный ресурс].",
	howpublished="--- Режим доступа: \url{https://learn.microsoft.com/ru-ru/cpp/cpp/?view=msvc-160} (дата обращения: 30.10.2022)."
}

@misc{c-lang-time,
	title="Определение текущего времени с высокой точностью [Электронный ресурс].",
	howpublished="--- Режим доступа: \url{http://all-ht.ru/inf/prog/c/func/clock_gettime.html} (дата обращения: 30.10.2022)."
}

@misc{intel,
	title="Intel [Электронный ресурс].",
	howpublished="--- Режим доступа: \url{https://ark.intel.com/content/www/ru/ru/ark/products/201839/intel-core-i510300h-processor-8m-cache-up-to-4-50-ghz.html} (дата обращения: 25.09.2022)"
}

@misc{windows,
	title="Windows 11 Pro 64-bit  [Электронный ресурс]",
	howpublished="--- Режим доступа: \url{https://www.microsoft.com/ru-ru/software-download/windows10} (дата обращения: 25.09.2022)."
}

@misc{model,
	title="М. В. Ульянов Ресурсно-эффективные компьютерные алгоритмы. Разработка и анализ.",
    year=2007
}


